001  0000026
005  20180609133911.560
008  170211s||||     bl|||||||||||||||||por|u
020    $a97885638000015
040    $aPorto Alegre$bpor
080    $21997$a869.0(81)-1
090    $a869.0(81)-1$bA923c
100 1  $aAugusto, Ronald
245 10 $aCair de costas$b(poesia 1992- 1983)$cRonald Augusto
260    $aPorto Alegre$bÉblis$c2012
300    $a 200 p$bil.
650    $aPoesia
650    $aPeoma
650    $aLiteratura Sul-riograndense
650    $aLiteratura Gaúcha
